2882 3806
1383 449 1422 493 4

181 594 351 646 locum
395 611 539 645 suum
589 591 773 643 debere
809 590 1026 655 videtur3
1080 607 1199 640 nam
1233 590 1472 639 vitreus
1519 604 1724 637 manum
1769 581 2101 637 emendatoris
2134 584 2188 633 in
2222 580 2437 633 viridis
2472 578 2625 631 offen-

183 676 349 726 dentis
384 673 597 741 prodere
632 671 1032 722 existimaverim.
1106 670 1254 732 Quod
1290 670 1330 719 si
1367 668 1647 736 quaerimus
1684 671 1829 736 quale
1864 663 2164 725 vocabulum
2201 663 2459 726 exciderit,
2495 662 2622 730 ejus-

181 755 321 806 modi
357 760 550 804 tantum
586 770 698 803 esse
733 752 954 836 potuisse
984 760 1136 819 patet,
1174 758 1228 800 ut
1263 750 1327 800 ad
1364 749 1638 800 ablativum
1674 745 1929 805 calculo
1965 744 2245 811 quadraret.
2298 742 2422 794 Mihi
2455 751 2624 794 autem

186 835 465 902 quaerenti,
505 852 656 900 quam
692 814 980 899 qualitatem
1014 831 1153 887 flum
1163 830 1360 885 fliius
1389 829 1605 882 01110111οτ
1616 830 1703 884 'vel'
1717 832 1930 886 ‘calculis
1957 831 2183 883 effectam
2217 827 2381 878 dicere
2405 823 2624 893 potuerit

182 916 325 982 (nam
362 914 665 981 singularem
702 919 810 962 utut
855 911 938 963 hic
970 911 1108 963 locus
1143 909 1478 961 restituendus
1515 917 1612 971 est,
1668 929 1761 978 pro
1813 914 1992 980 plurali
2042 911 2260 979 positum
2299 924 2410 958 esse
2452 905 2621 973 utique

183 997 494 1063 putabimus)
532 994 656 1045 nihil
690 993 824 1043 aliud
861 1011 971 1043 sese
1009 992 1152 1043 offert
1187 992 1282 1042 nisi
1313 991 1612 1041 vocabulum
1643 1010 1822 1044 sonum
1852 995 2167 1055 calculorum,
2204 988 2451 1041 undarum
2483 984 2621 1055 volu-

186 1076 322 1126 mine
357 1076 703 1142 crepitantium
741 1074 1027 1139 significans
1063 1072 1144 1138 (cf.
1168 1071 1312 1122 Ovid.
1348 1072 1549 1121 Metam.
1568 1072 1653 1122 ΧΙ
1667 1075 1793 1123 604:
1831 1076 2007 1124 invitat
2033 1073 2238 1124 somnos
2262 1052 2619 1134 crepitantibus

186 1154 323 1207 unda
356 1155 578 1222 lapillis)
652 1154 721 1204 Et
768 1162 826 1204 ut
868 1152 1098 1219 exemplo
1146 1152 1510 1212 demonstrem,
1573 1152 1720 1219 quale
1759 1154 2064 1206 vocabulum
2118 1149 2410 1203 desiderari
2427 1151 2617 1215 poterii,

188 1234 379 1286 Plinius
397 1236 603 1286 fluvium
639 1250 787 1300 quem
822 1233 1071 1300 poeticum
1108 1233 1352 1282 sermonis
1390 1232 1606 1282 colorem
1644 1234 1899 1299 affectans,
1936 1235 2163 1303 gramine
2189 1244 2623 1291 amoenumqsoone-

182 1323 336 1366 centu
389 1317 558 1365 avium
610 1330 851 1364 canorum
905 1313 1047 1373 dixit,
1114 1313 1307 1362 calculo
1339 1313 1521 1362 dicere
1574 1315 1737 1379 potuit
1787 1314 2216 1371 sonorumlvel
2267 1314 2620 1363 son-antem.

182 1395 296 1446 Liv.
316 1395 561 1447 XLIVG:
599 1400 754 1445 terret
788 1400 838 1443 et
873 1392 1115 1443 sonitus
1153 1399 1200 1443 et
1228 1392 1433 1443 altitudo
1463 1409 1555 1459 per
1579 1393 1793 1444 mediam
1823 1396 2006 1447 vallem
2035 1394 2229 1446 fluentis
2251 1392 2413 1443 Penei
2441 1387 2619 1453 amnis.

324 1476 424 1527 Sed
461 1482 614 1525 restat
650 1473 784 1523 aliud
818 1473 870 1522 in
907 1490 1004 1538 quo
1040 1471 1317 1522 offendam:
1355 1474 1414 1522 in
1451 1490 1519 1523 eo
1557 1490 1738 1525 cursu
1774 1476 2012 1544 Tempe
2047 1475 2274 1526 ssvoeant
2306 1474 2365 1525 V*
2387 1472 2621 1532 milium

182 1573 484 1624 passuum
520 1554 938 1619 longitudine.
1012 1552 1161 1603 Certe
1196 1554 1327 1602 inter
1361 1553 1560 1618 ellipses
1597 1555 1848 1606 Plinianas
1869 1555 2379 1623 squasGrassberger
2411 1553 2620 1603 Deus·

180 1636 413 1688 Pliniano
446 1654 496 1705 p.
520 1639 550 1686 7
570 1654 680 1703 sqq.
719 1634 987 1708 congessit,
1029 1652 1091 1683 ne
1129 1651 1188 1683 ea
1225 1633 1422 1700 quidem
1458 1652 1586 1701 quae
1621 1635 1829 1687 audacia
1854 1634 2066 1688 maixime
2100 1634 2309 1704 insignis
2346 1642 2435 1696 est,
2462 1632 2618 1701 -hujtas

180 1718 280 1768 loci
317 1718 582 1768 duritatem
616 1725 801 1784 aequat
833 1716 930 1767 VH
968 1718 1091 1768 159:
1140 1716 1202 1764 In
1241 1716 1406 1765 Tmoli
1446 1717 1627 1766 montis
1663 1719 1919 1769 cacumine
1963 1719 2103 1787 quod.
2132 1715 2325 1769 vocant
2354 1715 2612 1783 Tempsin,

186 1797 275 1851 CL
314 1799 459 1849 annis
496 1799 665 1848 vivere
702 1797 959 1847 Mucianus
1006 1805 1178 1846 auctor
1224 1807 1327 1861 est,
1380 1797 1463 1846 ubi
1510 1797 1697 1848 tamen
1724 1798 1887 1849 Janus
1932 1801 2159 1850 adnotat:
2219 1797 2331 1848 vide
2384 1797 2450 1848 ne
2502 1794 2620 1863 ped:

183 1880 398 1930 vivere
434 1879 669 1930 exciderit
704 1878 993 1928 homines.
1050 1877 1295 1943 Equidem
1331 1887 1447 1944 post
1472 1887 1656 1928 vocant
1692 1880 1930 1930 excidisse
1967 1880 2245 1947 putaverim
2281 1896 2491 1945 angus
2504 1880 2622 1928 tis*-

160 1967 335 2009 'mam
372 1960 601 2009 vallem
637 1959 719 2008 vel
755 1958 910 2008 simile
947 1958 1080 2023 quid.
1153 1958 1261 2006 Liv.
1301 1958 1329 2005 l.
1368 1958 1422 2007 l.:
1478 1976 1595 2022 nam
1638 1970 1837 2025 praeter
1879 1962 2209 2027 angustias
2258 1978 2351 2026 per
2397 1957 2614 2025 quinque

185 2039 334 2102 milia,
375 2058 475 2106 qua
510 2041 746 2106 exiguum
781 2039 999 2105 jumento
1036 2045 1215 2087 onusto
1252 2038 1344 2087 iter
1380 2045 1455 2088 est
1489 2047 1581 2089 010.

320 2120 398 2170 IX
438 2123 562 2170 117:
618 2119 831 2170 Lolliam
867 2117 1126 2167 Paulinam
1162 2147 1229 2155 —
1266 2119 1364 2167 vidi
1401 2120 1678 2186 zmaragdis
1715 2122 2095 2187 margaritisque
2127 2128 2377 2186 opertam,
2423 2117 2616 2169 alterno
2701 2106 2703 2109 ’

181 2207 317 2250 texto
362 2199 669 2266 fulgentibus
717 2206 823 2248 toto
870 2199 1028 2263 capite
1076 2197 1291 2247 crinibus
1331 2196 1503 2266 [spira]
1541 2200 1738 2249 auribus
1755 2238 1766 2260 ,
1803 2201 1950 2250 collo
1990 2198 2293 2268 [monilibus]
2340 2199 2603 2265 'digitisque

184 2298 312 2346 quae
349 2298 547 2330 summa
583 2279 1021 2346 quadringentiens
1059 2277 1149 2329 HS
1188 2278 1453 2346 colligebat
1489 2287 1579 2330 etc.
1645 2280 1812 2331 Verba
1847 2281 2041 2332 uncinis
2076 2276 2267 2332 inclusa
2302 2280 2421 2347 quin
2456 2279 2620 2340 aliena

182 2361 282 2412 sint
317 2379 422 2411 11011
459 2360 647 2412 (11111110.
724 2360 851 2410 Nam
887 2359 1133 2409 vocabula
1178 2359 1262 2409 illa
1296 2368 1437 2410 sexto
1475 2377 1592 2411 casu
1630 2362 1798 2427 posita
1839 2377 1944 2411 non
1980 2370 2192 2428 possunt
2238 2378 2342 2411 non
2389 2361 2453 2411 ad
2486 2361 2618 2411 idem

180 2459 340 2508 genus
377 2442 653 2507 pertinere,
690 2449 742 2490 ut
778 2441 943 2490 omnia
979 2442 1078 2490 aut'
1097 2440 1266 2489 mundi
1304 2440 1566 2491 muliebris
1595 2442 1851 2492 vocabula
1877 2445 1974 2492 sint
2010 2451 2093 2492 aut
2128 2443 2610 2509 partiumcorporis’.

175 2521 294 2571 Hoc
329 2522 410 2570 vel
446 2522 563 2571 inde
600 2529 825 2587 apparet,
863 2521 997 2586 quod
1035 2520 1253 2585 digitis
1289 2521 1530 2586 particula
1565 2536 1680 2587 que
1717 2538 1828 2572 cum
1865 2539 1988 2572 voce
2024 2523 2252 2589 proximte
2288 2518 2613 2572 antecedente
2667 2564 2671 2568 ,

180 2602 499 2667 conjunctum
538 2610 627 2652 est.
704 2601 834 2651 Tam
878 2609 1013 2651 arcte
1068 2609 1233 2650 autem
1287 2601 1339 2650 in
1385 2602 1755 2653 enumeratione
1803 2602 2049 2653 vocabula
2092 2618 2260 2652 rerum
2307 2602 2613 2654 diversarum

177 2691 233 2732 ut
269 2682 474 2732 monilia
511 2691 560 2732 et
597 2680 734 2748 digiti
772 2699 874 2731 non
908 2689 1119 2747 possunt
1157 2681 1407 2747 conjungi
1478 2681 1612 2733 Hinc
1645 2680 1856 2772 apparet
1884 2699 1963 2733 ne
2000 2683 2235 2736 Salmasii
2264 2684 2477 2751 quidem·
2499 2696 2616 2733 con'-

174 2763 391 2830 jectura:
450 2763 657 2813 crinium
694 2762 831 2828 spira
879 2761 1080 2823 (Exere.
1115 2779 1164 2827 p
1205 2764 1381 2825 826a3
1436 2763 1582 2813 crinis
1620 2763 1754 2829 spira
1790 2763 2129 2814 Heins.Adv.1
2165 2782 2212 2831 p
2244 2766 2396 2832 411)
2402 2773 2467 2859 ’01
2502 2764 2615 2814 colli

183 2844 451 2894 monilibus
489 2842 640 2909 (quod
678 2860 858 2892 vereor
895 2851 946 2892 ut
979 2861 1213 2909 umquam
1254 2801 1436 2893 diottim
1474 2844 1556 2910 sit)
1590 2844 1823 2904 mendum
1859 2845 2062 2911 corrigi
2075 2862 2237 2929 posse
2601 2863 2603 2865 ’
